@string{CACM = {Communications of the ACM}}
@string{JACM = {Journal of the ACM}}
@string{SIAMJC = {SIAM Journal on Computing}}
 
@misc(AF131-039,
   key = {AAA},
   title = {{AF131-039: Geographically-Aware and Targeted Secure Information Dissemination (GATSID)}},
   howpublished = {{DoD SBIR FY2013.1 Solicitation}}, 
   note = {\verb%http://www.dodsbir.net/sitis/%}
 )
 
 @misc (Co:09,
  author = {Robin Cover},
  title = {Extensible Access Control Markup Language ({XACML})},
  howpublished = {OASIS, Cover Pages},
  note = {Last modified: Dec. 12, 2009.  \verb%http://xml.coverpages.org/xacml.html%})
 
@inproceedings (HeHeShGiJa:11,
  author = {Mark D. Heileman and Gregory L. Heileman and Matthew P. Shaver and Mike Gilger and Pramod A.  Jamkhekar.},
  title = {SMASHUP:  {S}ecure Mashup for Defense Transformation and Net-Centric Systems}, 
  booktitle = {Proceedings of the SPIE Vol. 8062, Defense Transformations and Net-Centric Systems 2011},
  address = {Orlando, FL},
  month = {June},
  year = {2011},
  note = {\verb%http://dx.doi.org/10.1117/12.883486%})
  
@inproceedings (JaHe:08,
  author = {Pramod A. Jamkhedkar and Gregory L. Heileman},
  title = {A Formal Conceptual Model for Rights},
  booktitle = {Proceedings of the Eighth ACM Workshop on Digital Rights Management}, 
  address = {Alexandria, VA}, 
  pages = {29-38}, 
  month = {Oct.},
  year = {2008})  

@inproceedings (JaHeLa:10,
  author= {Pramod A. Jamkhedkar and Gregory L. Heileman and Christopher C. Lamb},
  title = {An Interoperable Usage Management Framework},
  booktitle = {Proceedings of the Tenth ACM Workshop on Digital Rights Management}, 
  pages = {73-88}, 
  address = {Chicago, IL},
  month = {Oct.}, 
  year = {2010})

@inproceedings (JaLaHe:11,
  author = {Pramod A. Jamkhedkar and Christopher C. Lamb and Gregory L. Heileman},
  title = {Usage Management in Cloud Computing}, 
  booktitle = {Proceedings of the 2011 IEEE 4th International Conference on Cloud Computing},
  pages = {525-532},
  address = {Washington, DC},
  month = {July},
  year = {2011})
 
@incollection (JaLaHe:12,
  author = {Pramod A. Jamkhedkar and Christopher C. Lamb and Gregory L. Heileman},
  title = {Usage Management in Cloud Computing}, 
  editor = {Frank Hartung, Ton Kalker and Shiguo Lian}, 
  booktitle = {Digital Rights Management: Technology, Standards and Applications}, 
  publisher = {Auerbach Publications}, 
  year = {2012})
  
@inproceedings (LaHe:12,
  author = {Christopher C. Lamb and Gregory L. Heileman},
  title = {Overlay Architectures Enabling Cloud Computing for Multi-Level Security Environments},
  booktitle = {Proceedings of the IEEE Eighth World Congress on Services (SERVICES)}, 
  address = {Hawaii},
  pages = {116-124}, 
  month = {June}, 
  year = {2012})
  
 @article(LaHe:12b,
   author = {Christopher Charles Lamb and Gregory Heileman},
   title = {Content-centric Information Protection in Cloud Computing},
   journal = {International Journal of Cloud Computing and Services Science},
   volume = {2},
   number = {1},
   year = {2012},
   pages = {246-257},
   ISSN={2089-3337},)
  
@article (LaHe:13,
  author = {Christopher C. Lamb and Gregory L. Heileman},
  title =  {Content-centric Information Protection in the Cloud}, 
  journal = {International Journal of Cloud Computing and Services Science  (IJ-CLOSER)}, 
  volume= {2},
  number = {1},
  pages = {246-257}, 
  year = {2013})
  
@inproceedings (LaJaBoNaHe:11,
  author = {Christopher C. Lamb and Pramod A. Jamkhedkar and Matthew P. Bohnsack and Vishwanath Nandina and Gregory L. Heileman},
  title = {A Domain Specific Language for Usage Management},
  booktitle = {Proceedings of the Eleventh ACM Workshop on Digital Rights Management}, 
  address = {Chicago, IL},
  pages = {51-62}, 
  month = {Oct.}, 
  year = {2011}) 
 
 @inproceedings (LaJaHeAb:11, 
  author = {Christopher C. Lamb and Pramod A. Jamkhedkar and Gregory L. Heileman and Chaouki T. Abdallah},
  title = {Managed Control of Composite Cloud Systems},
  booktitle = {Proceedings of the Sixth IEEE International Conference on System of Systems Engineering (SoSE)}, 
  address = {Albuquerque, NM},
  pages = {167-172}, 
  month = {June},
  year = {2011})
  
@article(PaSa:04,
  author = {Jaehong Park and Ravi Sandhu},
  title = {The {UCON}$_{ABC}$ Usage Control Model},
  journal = {ACM Transactions on Information and System Security},
  volume = {7},
  number = {1},
  pages = {128-174},
  month = {Feb.},
  year = {2004},
  doi = {http://doi.acm.org/10.1145/984334.984339})
 
 @misc (Po:12,
  author = {Andrei Popescu},
  title = {Geolocation {API} Specification},
  howpublished = {Editor's Draft for W3C Proposed Recommendation},
  month = {May},
  year = {2012},
  note = {\verb%dev.w3.org/geo/api/spec-source.html%})
 
@inproceedings (PuWe:02,
 author = {Riccardo Pucella and Vicky Weissman},
 title = {A Logic for Reasoning about Digital Rights},
 booktitle = {Proceedings of the 15th IEEE Computer Security Foundations Workshop},
 pages = {282-294},
 address = {Nova Scotia, Canada},
 month = {June},
 year = {2002})
 
@inproceedings(SeKaBe:09,
 author = {Oshani Seneviratne and Lalana Kagal and Tim Berners-Lee},
 title = {Policy-Aware Content Reuse on the Web},
 booktitle = {Proceedings of the 8th International Semantic Web Conference},
 address = {Chantilly, VA},
 pages = {553-568},
 month = {Oct.},
 year = {2009})

@article (Tu:36,
 author = {A. Turing},
 title = {On Computable Numbers with an Application to the Entscheidungsproblem},
 journal = {Proceedings of the London Mathematical Society},
 volume = {42}, 
 pages = {230-265},
 year = {1936})


